<?xml version="1.0" encoding="UTF-8"?><collection xmlns="http://www.loc.gov/MARC21/slim"><record><leader>00581nam--2200193-i-4500</leader><controlfield tag="001">000027025</controlfield><controlfield tag="002">20161230</controlfield><controlfield tag="005">20161230201036</controlfield><controlfield tag="008">060222s1000------------r-----000-0-fre-d</controlfield><datafield ind1=" " ind2=" " tag="040"><subfield code="a">IFIN-HH</subfield></datafield><datafield ind1=" " ind2=" " tag="041"><subfield code="a">fre</subfield></datafield><datafield ind1=" " ind2=" " tag="080"><subfield code="a">539.155.3(043)</subfield></datafield><datafield ind1="1" ind2=" " tag="100"><subfield code="a">Torres, P</subfield></datafield><datafield ind1="1" ind2="0" tag="245"><subfield code="a">Niveaux de 157dy obtenus par desintegration de 157ho. these (une partie)</subfield><subfield code="b">Nuclear physics a185 (1972)</subfield><subfield code="c">P. torres, p. paris, p. klicher</subfield></datafield><datafield ind1=" " ind2=" " tag="260"><subfield code="a">Orsay</subfield><subfield code="b">Faculte Des Sciences D`Orsay</subfield><subfield code="c">1972</subfield></datafield><datafield ind1=" " ind2=" " tag="300"><subfield code="a">/574-592/P</subfield></datafield><datafield ind1="1" ind2=" " tag="700"><subfield code="a">Klicher, P</subfield></datafield><datafield ind1=" " ind2=" " tag="852"><subfield code="a">40387</subfield><subfield code="c">539.14</subfield></datafield><datafield ind1=" " ind2=" " tag="CAT"><subfield code="a">Sys</subfield><subfield code="c">20120329</subfield><subfield code="h">123009</subfield></datafield></record></collection>